% Clonal Simulations -----------------------------------------------------------
@article{ali2016cloncase,
  title={cloncase: Estimation of sex frequency and effective population size by clonemate resampling in partially clonal organisms},
  author={Ali, Sajid and Soubeyrand, Samuel and Gladieux, Pierre and Giraud, Tatiana and Leconte, Marc and Gautier, Ang{\'e}lique and Mboup, Mamadou and Chen, Wanquan and Vallavieille-Pope, Claude and Enjalbert, J{\'e}r{\^o}me},
  journal={Molecular ecology resources},
  year={2016},
  doi={10.1111/1755-0998.12511},
  publisher={Wiley Online Library}
}

@article{balloux2003population,
  title={The population genetics of clonal and partially clonal diploids},
  author={Balloux, Fran{\c{c}}ois and Lehmann, Laurent and de Mee{\^u}s, Thierry},
  journal={Genetics},
  volume={164},
  number={4},
  pages={1635--1644},
  year={2003},
  publisher={Genetics Soc America}
}

@article{de2004clonal,
  title={Clonal reproduction and linkage disequilibrium in diploids: a simulation study},
  author={de Mee{\^u}s, Thierry and Balloux, Fran{\c{c}}ois},
  journal={Infection, genetics and evolution},
  volume={4},
  number={4},
  pages={345--351},
  year={2004},
  doi={10.1016/j.meegid.2004.05.002},
  publisher={Elsevier}
}

@article{orive1993effective,
  title={Effective population size in organisms with complex life-histories},
  author={Orive, Maria E},
  journal={Theoretical population biology},
  volume={44},
  number={3},
  pages={316--340},
  year={1993},
  doi={10.1006/tpbi.1993.1031},
  publisher={Elsevier}
}